<?xml version="1.0" encoding="UTF-8"?><collection xmlns="http://www.loc.gov/MARC21/slim"><record><leader>00712nam--2200253-u-4500</leader><controlfield tag="001">000050376</controlfield><controlfield tag="002">20161230</controlfield><controlfield tag="003">81703</controlfield><controlfield tag="005">20161230201048</controlfield><controlfield tag="008">070131s1000------------r-----000-0-eng-d</controlfield><datafield ind1=" " ind2=" " tag="020"><subfield code="a">981-238-415-4</subfield></datafield><datafield ind1=" " ind2=" " tag="040"><subfield code="a">IFIN-HH</subfield></datafield><datafield ind1=" " ind2=" " tag="041"><subfield code="a">eng</subfield></datafield><datafield ind1=" " ind2=" " tag="080"><subfield code="a">519.2:530.14</subfield></datafield><datafield ind1="1" ind2=" " tag="100"><subfield code="a">Chung, Kai-Lai</subfield></datafield><datafield ind1="1" ind2="0" tag="245"><subfield code="a">Introduction to Random Time and Quantum Randomness</subfield><subfield code="c">Kai Lai Chung; Jean-Claude Zambrini</subfield></datafield><datafield ind1=" " ind2=" " tag="250"><subfield code="a">New Edition</subfield></datafield><datafield ind1=" " ind2=" " tag="260"><subfield code="a">New Jersey</subfield><subfield code="b">World Scientific</subfield><subfield code="c">2003</subfield></datafield><datafield ind1=" " ind2=" " tag="300"><subfield code="a">211 p</subfield></datafield><datafield ind1=" " ind2=" " tag="490"><subfield code="a">Monograph of the Portughese Mathematical Society</subfield><subfield code="v">Vol.1</subfield></datafield><datafield ind1=" " ind2="4" tag="650"><subfield code="a">Quantum Randomness</subfield></datafield><datafield ind1="1" ind2=" " tag="700"><subfield code="a">Zambrini, Jean-Claude</subfield></datafield><datafield ind1=" " ind2=" " tag="852"><subfield code="a">530.14</subfield></datafield><datafield ind1=" " ind2=" " tag="CAT"><subfield code="a">Sys</subfield><subfield code="c">20110324</subfield><subfield code="h">152202</subfield></datafield></record></collection>